<record><leader>00000cas a2200000 a 4500</leader><controlfield tag="001">26556830</controlfield><controlfield tag="008">920908d18uu1869iluwr ne      0    0eng c</controlfield><datafield ind1=" " ind2=" " tag="010"><subfield code="a">sn 92053357 </subfield></datafield><datafield ind1=" " ind2=" " tag="040"><subfield code="a">NVF</subfield><subfield code="b">eng</subfield><subfield code="c">NVF</subfield><subfield code="d">OCL</subfield><subfield code="d">NVF</subfield><subfield code="d">OCLCQ</subfield><subfield code="d">OCLCF</subfield><subfield code="d">OCLCO</subfield></datafield><datafield ind1="1" ind2=" " tag="029"><subfield code="a">AU@</subfield><subfield code="b">000040398632</subfield></datafield><datafield ind1=" " ind2=" " tag="042"><subfield code="a">pcc</subfield></datafield><datafield ind1=" " ind2=" " tag="043"><subfield code="a">n-us-il</subfield></datafield><datafield ind1="0" ind2="0" tag="245"><subfield code="a">Weekly White County advocate.</subfield></datafield><datafield ind1=" " ind2=" " tag="260"><subfield code="a">Carmi, Ill. :</subfield><subfield code="b">George A. Malone,</subfield><subfield code="c">-1869.</subfield></datafield><datafield ind1=" " ind2=" " tag="300"><subfield code="a">v.</subfield></datafield><datafield ind1=" " ind2=" " tag="310"><subfield code="a">Weekly</subfield></datafield><datafield ind1="1" ind2=" " tag="362"><subfield code="a">Ceased in 1869?</subfield></datafield><datafield ind1=" " ind2=" " tag="588"><subfield code="a">Description based on: Vol. 4, no. 20 (Oct. 4, 1861).</subfield></datafield><datafield ind1=" " ind2="0" tag="651"><subfield code="a">Carmi (Ill.)</subfield><subfield code="v">Newspapers.</subfield></datafield><datafield ind1=" " ind2="7" tag="655"><subfield code="a">Newspapers.</subfield><subfield code="2">fast</subfield><subfield code="0">(OCoLC)fst01423814</subfield></datafield><datafield ind1=" " ind2="7" tag="651"><subfield code="a">Illinois</subfield><subfield code="z">Carmi.</subfield><subfield code="2">fast</subfield><subfield code="0">(OCoLC)fst01217648</subfield></datafield><datafield ind1=" " ind2=" " tag="752"><subfield code="a">United States</subfield><subfield code="b">Illinois</subfield><subfield code="c">White</subfield><subfield code="d">Carmi.</subfield></datafield><datafield ind1="0" ind2="0" tag="785"><subfield code="t">Carmi weekly courier</subfield><subfield code="w">(DLC)sn 92053358</subfield><subfield code="w">(OCoLC)26556934</subfield></datafield></record>